

@Article{dfinder10,
  Title                    = {Compositional verification for component-based systems and application},
  Author                   = {Saddek Bensalem and
 Marius Bozga and
 Thanh{-}Hung Nguyen and
 Joseph Sifakis},
  Journal                  = {{IET} Software},
  Year                     = {2010},
}

@InProceedings{atva15,
  Title                    = {Formal verification of infinite-state {BIP} models},
  Author                   = {Simon Bliudze and
 Alessandro Cimatti and
 Mohamad Jaber and
 Sergio Mover and
 Marco Roveri and
 Wajeb Saab and
 Qiang Wang},
  Booktitle                = {ATVA},
  Year                     = 2015
}

@incollection{tgc15,
  title={Verification of Component-Based Systems via Predicate Abstraction and Simultaneous Set Reduction},
  author={Qiang, Wang and Bliudze, Simon},
  booktitle={Trustworthy Global Computing},
  pages={147--162},
  year={2015},
  publisher={Springer}
}

@Article{sifakis13,
  Title                    = {Rigorous System Design},
  Author                   = {Joseph Sifakis},
  Journal                  = {Foundations and Trends in Electronic Design Automation},
  Year                     = {2013},
}

@ARTICLE{bip11,
author={Basu, A. and Bensalem, S. and Bozga, M. and Combaz, J. and Jaber, M. and Thanh-Hung Nguyen and Sifakis, J.},
journal={Software, IEEE},
title={Rigorous Component-Based System Design Using the {BIP} Framework},
year=2011,
}


@article{sifakis2015,
  title={System Design Automation: Challenges and Limitations},
  author={Sifakis, Joseph},
  journal={Proceedings of the IEEE},
  volume={103},
  number={11},
  pages={2093--2103},
  year={2015},
  publisher={IEEE}
}

@inproceedings{concur16,
  title={Parameterized systems in BIP: design and model checking},
  author={Konnov, Igor and Kotek, Tomer and Wang, Qiang and Veith, Helmut and Bliudze, Simon and Sifakis, Joseph},
  booktitle={Proceedings of the 27th International Conference on Concurrency Theory (CONCUR 2016)},
  pages={30--1},
  year={2016},
  organization={Schloss Dagstuhl--Leibniz-Zentrum fuer Informatik}
}

@article{bipapplication12a,
    title = {Rigorous design of robot software: A formal component-based approach },
    author = {Abdellatif, Tesnim and Bensalem, Saddek and Combaz, Jacques and Silva, Lavindra de and Ingrand, Felix},
    year = {2012},
    journal = {Robotics and Autonomous Systems},
    number = {12},
    pages = {1563-1578},
    volume = {60},
}

@article{bipapplication18,
    title = { Model-based design of IoT systems with the {BIP} component framework },
    author = {Lekidis, Alexios and Stachtiari, Emmanouela and Katsaros, Panagiotis and Bozga, Marius and Georgiadis, Christos K.},
    year = {2018},
    journal = {Softw., Pract. Exper.},
    number = {6},
    pages = {1167--1194},
    volume = {48},
    team = {RSD, DCS},
}

@inproceedings{bip-emsoft10,
    title = {From high-level component-based models to distributed implementations },
    author = {Bonakdarpour, Borzoo and Bozga, Marius and Jaber, Mohamad and Quilbeuf, Jean and Sifakis, Joseph},
    year = {2010},
    booktitle = {Proceedings of the 10th International conference on Embedded software, EMSOFT 2010, Scottsdale, Arizona, USA, October 24-29, 2010},
    pages = {209-218},
    publisher = {ACM},
    team = {DCS, RSD},
}

@inproceedings{sbip18,
  author    = {Braham Lotfi Mediouni and
               Ayoub Nouri and
               Marius Bozga and
               Mahieddine Dellabani and
               Axel Legay and
               Saddek Bensalem},
  title     = {\emph{S} {BIP} 2.0: Statistical Model Checking Stochastic Real-Time
               Systems},
  booktitle = {Automated Technology for Verification and Analysis - 16th International
               Symposium, {ATVA} 2018, Los Angeles, CA, USA, October 7-10, 2018,
               Proceedings},
  pages     = {536--542},
  year      = {2018},
}
